<record><leader>00000cas a22000007a 4500</leader><controlfield tag="001">18546104</controlfield><controlfield tag="008">880929d18951910nduwr ne      0    0eng d</controlfield><datafield ind1=" " ind2=" " tag="010"><subfield code="a">sn 88076662 </subfield></datafield><datafield ind1=" " ind2=" " tag="040"><subfield code="a">NOP</subfield><subfield code="b">eng</subfield><subfield code="c">NOP</subfield><subfield code="d">OCLCQ</subfield></datafield><datafield ind1=" " ind2=" " tag="042"><subfield code="a">msc</subfield></datafield><datafield ind1="0" ind2="0" tag="245"><subfield code="a">Towner news and stockman.</subfield></datafield><datafield ind1="3" ind2="0" tag="246"><subfield code="a">Towner news and stockman. The Independent</subfield></datafield><datafield ind1=" " ind2=" " tag="260"><subfield code="a">Towner, McHenry County, N.D. :</subfield><subfield code="b">Geo. W. Wilson</subfield></datafield><datafield ind1=" " ind2=" " tag="300"><subfield code="a">16 v. :</subfield><subfield code="b">ill. ;</subfield><subfield code="c">49-58 cm.</subfield></datafield><datafield ind1=" " ind2=" " tag="310"><subfield code="a">Weekly</subfield></datafield><datafield ind1="0" ind2=" " tag="362"><subfield code="a">Vol. 5, no. 11 (Apr. 26, 1895)-v. 20, no. 26 (Aug. 26, 1910).</subfield></datafield><datafield ind1=" " ind2=" " tag="500"><subfield code="a">Published as: Towner news and stockman. The Independent, Apr. 26-July, 1895.</subfield></datafield><datafield ind1=" " ind2=" " tag="500"><subfield code="a">"Official paper of the County", 1897-1910.</subfield></datafield><datafield ind1=" " ind2=" " tag="530"><subfield code="a">Available on microfilm from the State Historical Society of North Dakota.</subfield></datafield><datafield ind1=" " ind2=" " tag="752"><subfield code="a">United States</subfield><subfield code="b">North Dakota</subfield><subfield code="c">McHenry</subfield><subfield code="d">Towner.</subfield></datafield><datafield ind1="0" ind2="0" tag="780"><subfield code="t">Independent (Towner, N.D.)</subfield><subfield code="w">(DLC)sn 88076661</subfield></datafield><datafield ind1="0" ind2="7" tag="785"><subfield code="t">Towner tribune</subfield><subfield code="w">(DLC)sn 88076665</subfield></datafield><datafield ind1="0" ind2="7" tag="785"><subfield code="t">Towner news-tribune</subfield><subfield code="w">(DLC)sn 88076663</subfield></datafield></record>